%YAML 1.1
%TAG !u! tag:unity3d.com,2011:
--- !u!29 &1
OcclusionCullingSettings:
  m_ObjectHideFlags: 0
  serializedVersion: 2
  m_OcclusionBakeSettings:
    smallestOccluder: 5
    smallestHole: 0.25
    backfaceThreshold: 100
  m_SceneGUID: 00000000000000000000000000000000
  m_OcclusionCullingData: {fileID: 0}
--- !u!104 &2
RenderSettings:
  m_ObjectHideFlags: 0
  serializedVersion: 9
  m_Fog: 0
  m_FogColor: {r: 0.5, g: 0.5, b: 0.5, a: 1}
  m_FogMode: 3
  m_FogDensity: 0.01
  m_LinearFogStart: 0
  m_LinearFogEnd: 300
  m_AmbientSkyColor: {r: 0.212, g: 0.227, b: 0.259, a: 1}
  m_AmbientEquatorColor: {r: 0.114, g: 0.125, b: 0.133, a: 1}
  m_AmbientGroundColor: {r: 0.047, g: 0.043, b: 0.035, a: 1}
  m_AmbientIntensity: 1
  m_AmbientMode: 0
  m_SubtractiveShadowColor: {r: 0.42, g: 0.478, b: 0.627, a: 1}
  m_SkyboxMaterial: {fileID: 10304, guid: 0000000000000000f000000000000000, type: 0}
  m_HaloStrength: 0.5
  m_FlareStrength: 1
  m_FlareFadeSpeed: 3
  m_HaloTexture: {fileID: 0}
  m_SpotCookie: {fileID: 10001, guid: 0000000000000000e000000000000000, type: 0}
  m_DefaultReflectionMode: 0
  m_DefaultReflectionResolution: 128
  m_ReflectionBounces: 1
  m_ReflectionIntensity: 1
  m_CustomReflection: {fileID: 0}
  m_Sun: {fileID: 705507994}
  m_IndirectSpecularColor: {r: 0.44657898, g: 0.4964133, b: 0.5748178, a: 1}
  m_UseRadianceAmbientProbe: 0
--- !u!157 &3
LightmapSettings:
  m_ObjectHideFlags: 0
  serializedVersion: 11
  m_GIWorkflowMode: 1
  m_GISettings:
    serializedVersion: 2
    m_BounceScale: 1
    m_IndirectOutputScale: 1
    m_AlbedoBoost: 1
    m_EnvironmentLightingMode: 0
    m_EnableBakedLightmaps: 1
    m_EnableRealtimeLightmaps: 0
  m_LightmapEditorSettings:
    serializedVersion: 12
    m_Resolution: 2
    m_BakeResolution: 40
    m_AtlasSize: 1024
    m_AO: 0
    m_AOMaxDistance: 1
    m_CompAOExponent: 1
    m_CompAOExponentDirect: 0
    m_ExtractAmbientOcclusion: 0
    m_Padding: 2
    m_LightmapParameters: {fileID: 0}
    m_LightmapsBakeMode: 1
    m_TextureCompression: 1
    m_FinalGather: 0
    m_FinalGatherFiltering: 1
    m_FinalGatherRayCount: 256
    m_ReflectionCompression: 2
    m_MixedBakeMode: 2
    m_BakeBackend: 1
    m_PVRSampling: 1
    m_PVRDirectSampleCount: 32
    m_PVRSampleCount: 500
    m_PVRBounces: 2
    m_PVREnvironmentSampleCount: 500
    m_PVREnvironmentReferencePointCount: 2048
    m_PVRFilteringMode: 2
    m_PVRDenoiserTypeDirect: 0
    m_PVRDenoiserTypeIndirect: 0
    m_PVRDenoiserTypeAO: 0
    m_PVRFilterTypeDirect: 0
    m_PVRFilterTypeIndirect: 0
    m_PVRFilterTypeAO: 0
    m_PVREnvironmentMIS: 0
    m_PVRCulling: 1
    m_PVRFilteringGaussRadiusDirect: 1
    m_PVRFilteringGaussRadiusIndirect: 5
    m_PVRFilteringGaussRadiusAO: 2
    m_PVRFilteringAtrousPositionSigmaDirect: 0.5
    m_PVRFilteringAtrousPositionSigmaIndirect: 2
    m_PVRFilteringAtrousPositionSigmaAO: 1
    m_ExportTrainingData: 0
    m_TrainingDataDestination: TrainingData
    m_LightProbeSampleCountMultiplier: 4
  m_LightingDataAsset: {fileID: 0}
  m_UseShadowmask: 1
--- !u!196 &4
NavMeshSettings:
  serializedVersion: 2
  m_ObjectHideFlags: 0
  m_BuildSettings:
    serializedVersion: 2
    agentTypeID: 0
    agentRadius: 0.5
    agentHeight: 2
    agentSlope: 45
    agentClimb: 0.4
    ledgeDropHeight: 0
    maxJumpAcrossDistance: 0
    minRegionArea: 2
    manualCellSize: 0
    cellSize: 0.16666667
    manualTileSize: 0
    tileSize: 256
    accuratePlacement: 0
    debug:
      m_Flags: 0
  m_NavMeshData: {fileID: 0}
--- !u!1001 &59744680
PrefabInstance:
  m_ObjectHideFlags: 0
  serializedVersion: 2
  m_Modification:
    m_TransformParent: {fileID: 385059514}
    m_Modifications:
    - target: {fileID: 2784234379330657073, guid: b34cba531af2d694f98e66bdf7b5bcec,
        type: 3}
      propertyPath: m_Name
      value: pf_TrainStation
      objectReference: {fileID: 0}
    - target: {fileID: 2784234379330657073, guid: b34cba531af2d694f98e66bdf7b5bcec,
        type: 3}
      propertyPath: m_IsActive
      value: 1
      objectReference: {fileID: 0}
    - target: {fileID: 2784234379330657086, guid: b34cba531af2d694f98e66bdf7b5bcec,
        type: 3}
      propertyPath: m_RootOrder
      value: 1
      objectReference: {fileID: 0}
    - target: {fileID: 2784234379330657086, guid: b34cba531af2d694f98e66bdf7b5bcec,
        type: 3}
      propertyPath: m_LocalPosition.x
      value: -67.12908
      objectReference: {fileID: 0}
    - target: {fileID: 2784234379330657086, guid: b34cba531af2d694f98e66bdf7b5bcec,
        type: 3}
      propertyPath: m_LocalPosition.y
      value: 0
      objectReference: {fileID: 0}
    - target: {fileID: 2784234379330657086, guid: b34cba531af2d694f98e66bdf7b5bcec,
        type: 3}
      propertyPath: m_LocalPosition.z
      value: -400
      objectReference: {fileID: 0}
    - target: {fileID: 2784234379330657086, guid: b34cba531af2d694f98e66bdf7b5bcec,
        type: 3}
      propertyPath: m_LocalRotation.w
      value: 1
      objectReference: {fileID: 0}
    - target: {fileID: 2784234379330657086, guid: b34cba531af2d694f98e66bdf7b5bcec,
        type: 3}
      propertyPath: m_LocalRotation.x
      value: 0
      objectReference: {fileID: 0}
    - target: {fileID: 2784234379330657086, guid: b34cba531af2d694f98e66bdf7b5bcec,
        type: 3}
      propertyPath: m_LocalRotation.y
      value: 0
      objectReference: {fileID: 0}
    - target: {fileID: 2784234379330657086, guid: b34cba531af2d694f98e66bdf7b5bcec,
        type: 3}
      propertyPath: m_LocalRotation.z
      value: 0
      objectReference: {fileID: 0}
    - target: {fileID: 2784234379330657086, guid: b34cba531af2d694f98e66bdf7b5bcec,
        type: 3}
      propertyPath: m_LocalEulerAnglesHint.x
      value: 0
      objectReference: {fileID: 0}
    - target: {fileID: 2784234379330657086, guid: b34cba531af2d694f98e66bdf7b5bcec,
        type: 3}
      propertyPath: m_LocalEulerAnglesHint.y
      value: 0
      objectReference: {fileID: 0}
    - target: {fileID: 2784234379330657086, guid: b34cba531af2d694f98e66bdf7b5bcec,
        type: 3}
      propertyPath: m_LocalEulerAnglesHint.z
      value: 0
      objectReference: {fileID: 0}
    m_RemovedComponents: []
  m_SourcePrefab: {fileID: 100100000, guid: b34cba531af2d694f98e66bdf7b5bcec, type: 3}
--- !u!114 &59744681 stripped
MonoBehaviour:
  m_CorrespondingSourceObject: {fileID: 8801422472639071260, guid: b34cba531af2d694f98e66bdf7b5bcec,
    type: 3}
  m_PrefabInstance: {fileID: 59744680}
  m_PrefabAsset: {fileID: 0}
  m_GameObject: {fileID: 0}
  m_Enabled: 1
  m_EditorHideFlags: 0
  m_Script: {fileID: 11500000, guid: cc1788089f74b1c4f95a8e3ec7b1a74f, type: 3}
  m_Name: 
  m_EditorClassIdentifier: 
--- !u!4 &59744682 stripped
Transform:
  m_CorrespondingSourceObject: {fileID: 2784234379330657086, guid: b34cba531af2d694f98e66bdf7b5bcec,
    type: 3}
  m_PrefabInstance: {fileID: 59744680}
  m_PrefabAsset: {fileID: 0}
--- !u!1 &355788940
GameObject:
  m_ObjectHideFlags: 0
  m_CorrespondingSourceObject: {fileID: 0}
  m_PrefabInstance: {fileID: 0}
  m_PrefabAsset: {fileID: 0}
  serializedVersion: 6
  m_Component:
  - component: {fileID: 355788943}
  - component: {fileID: 355788942}
  - component: {fileID: 355788941}
  m_Layer: 5
  m_Name: CrosshairCanvas
  m_TagString: Untagged
  m_Icon: {fileID: 0}
  m_NavMeshLayer: 0
  m_StaticEditorFlags: 0
  m_IsActive: 1
--- !u!114 &355788941
MonoBehaviour:
  m_ObjectHideFlags: 0
  m_CorrespondingSourceObject: {fileID: 0}
  m_PrefabInstance: {fileID: 0}
  m_PrefabAsset: {fileID: 0}
  m_GameObject: {fileID: 355788940}
  m_Enabled: 1
  m_EditorHideFlags: 0
  m_Script: {fileID: 11500000, guid: 0cd44c1031e13a943bb63640046fad76, type: 3}
  m_Name: 
  m_EditorClassIdentifier: 
  m_UiScaleMode: 1
  m_ReferencePixelsPerUnit: 100
  m_ScaleFactor: 1
  m_ReferenceResolution: {x: 1920, y: 1080}
  m_ScreenMatchMode: 0
  m_MatchWidthOrHeight: 0
  m_PhysicalUnit: 3
  m_FallbackScreenDPI: 96
  m_DefaultSpriteDPI: 96
  m_DynamicPixelsPerUnit: 1
--- !u!223 &355788942
Canvas:
  m_ObjectHideFlags: 0
  m_CorrespondingSourceObject: {fileID: 0}
  m_PrefabInstance: {fileID: 0}
  m_PrefabAsset: {fileID: 0}
  m_GameObject: {fileID: 355788940}
  m_Enabled: 1
  serializedVersion: 3
  m_RenderMode: 0
  m_Camera: {fileID: 0}
  m_PlaneDistance: 100
  m_PixelPerfect: 0
  m_ReceivesEvents: 1
  m_OverrideSorting: 0
  m_OverridePixelPerfect: 0
  m_SortingBucketNormalizedSize: 0
  m_AdditionalShaderChannelsFlag: 0
  m_SortingLayerID: 0
  m_SortingOrder: 0
  m_TargetDisplay: 0
--- !u!224 &355788943
RectTransform:
  m_ObjectHideFlags: 0
  m_CorrespondingSourceObject: {fileID: 0}
  m_PrefabInstance: {fileID: 0}
  m_PrefabAsset: {fileID: 0}
  m_GameObject: {fileID: 355788940}
  m_LocalRotation: {x: 0, y: 0, z: 0, w: 1}
  m_LocalPosition: {x: 0, y: 0, z: 0}
  m_LocalScale: {x: 0, y: 0, z: 0}
  m_Children:
  - {fileID: 1413223662}
  m_Father: {fileID: 0}
  m_RootOrder: 5
  m_LocalEulerAnglesHint: {x: 0, y: 0, z: 0}
  m_AnchorMin: {x: 0, y: 0}
  m_AnchorMax: {x: 0, y: 0}
  m_AnchoredPosition: {x: 0, y: 0}
  m_SizeDelta: {x: 0, y: 0}
  m_Pivot: {x: 0, y: 0}
--- !u!1 &385059512
GameObject:
  m_ObjectHideFlags: 0
  m_CorrespondingSourceObject: {fileID: 0}
  m_PrefabInstance: {fileID: 0}
  m_PrefabAsset: {fileID: 0}
  serializedVersion: 6
  m_Component:
  - component: {fileID: 385059514}
  - component: {fileID: 385059513}
  m_Layer: 0
  m_Name: pf_TrainSystem
  m_TagString: Untagged
  m_Icon: {fileID: 0}
  m_NavMeshLayer: 0
  m_StaticEditorFlags: 0
  m_IsActive: 1
--- !u!114 &385059513
MonoBehaviour:
  m_ObjectHideFlags: 0
  m_CorrespondingSourceObject: {fileID: 0}
  m_PrefabInstance: {fileID: 0}
  m_PrefabAsset: {fileID: 0}
  m_GameObject: {fileID: 385059512}
  m_Enabled: 1
  m_EditorHideFlags: 0
  m_Script: {fileID: 11500000, guid: d9dd983982c272143b67ffb745ce4421, type: 3}
  m_Name: 
  m_EditorClassIdentifier: 
  path: {fileID: 2073668917}
  trainPrefab: {fileID: 9184146605986899879, guid: d7ebaccdba5394f459c4295ef197e6bc,
    type: 3}
  trainHolders:
  - Train: {fileID: 2114993948}
    Progress: 0.385
    ProgressOffset: 0.045
  trainStationPrefab: {fileID: 8801422472639071260, guid: b34cba531af2d694f98e66bdf7b5bcec,
    type: 3}
  trainStationHolders:
  - TrainStation: {fileID: 2066334301}
    Progress: 0.2405
    PositionOffset: {x: 0, y: 0, z: 0}
    RotationOffset: {x: 0, y: 90, z: 0}
  - TrainStation: {fileID: 59744681}
    Progress: 0.52
    PositionOffset: {x: 0, y: 0, z: 0}
    RotationOffset: {x: 0, y: 90, z: 0}
  - TrainStation: {fileID: 571543252}
    Progress: 0.7898
    PositionOffset: {x: 0, y: 0, z: 0}
    RotationOffset: {x: 0, y: 90, z: 0}
--- !u!4 &385059514
Transform:
  m_ObjectHideFlags: 0
  m_CorrespondingSourceObject: {fileID: 0}
  m_PrefabInstance: {fileID: 0}
  m_PrefabAsset: {fileID: 0}
  m_GameObject: {fileID: 385059512}
  m_LocalRotation: {x: 0, y: 0, z: 0, w: 1}
  m_LocalPosition: {x: 0, y: 0, z: 0}
  m_LocalScale: {x: 1, y: 1, z: 1}
  m_Children:
  - {fileID: 2066334302}
  - {fileID: 59744682}
  - {fileID: 571543253}
  - {fileID: 2114993949}
  m_Father: {fileID: 0}
  m_RootOrder: 4
  m_LocalEulerAnglesHint: {x: 0, y: 0, z: 0}
--- !u!1 &394758666
GameObject:
  m_ObjectHideFlags: 0
  m_CorrespondingSourceObject: {fileID: 0}
  m_PrefabInstance: {fileID: 0}
  m_PrefabAsset: {fileID: 0}
  serializedVersion: 6
  m_Component:
  - component: {fileID: 394758669}
  - component: {fileID: 394758668}
  - component: {fileID: 394758667}
  m_Layer: 0
  m_Name: EventSystem
  m_TagString: Untagged
  m_Icon: {fileID: 0}
  m_NavMeshLayer: 0
  m_StaticEditorFlags: 0
  m_IsActive: 1
--- !u!114 &394758667
MonoBehaviour:
  m_ObjectHideFlags: 0
  m_CorrespondingSourceObject: {fileID: 0}
  m_PrefabInstance: {fileID: 0}
  m_PrefabAsset: {fileID: 0}
  m_GameObject: {fileID: 394758666}
  m_Enabled: 1
  m_EditorHideFlags: 0
  m_Script: {fileID: 11500000, guid: 4f231c4fb786f3946a6b90b886c48677, type: 3}
  m_Name: 
  m_EditorClassIdentifier: 
  m_HorizontalAxis: Horizontal
  m_VerticalAxis: Vertical
  m_SubmitButton: Submit
  m_CancelButton: Cancel
  m_InputActionsPerSecond: 10
  m_RepeatDelay: 0.5
  m_ForceModuleActive: 0
--- !u!114 &394758668
MonoBehaviour:
  m_ObjectHideFlags: 0
  m_CorrespondingSourceObject: {fileID: 0}
  m_PrefabInstance: {fileID: 0}
  m_PrefabAsset: {fileID: 0}
  m_GameObject: {fileID: 394758666}
  m_Enabled: 1
  m_EditorHideFlags: 0
  m_Script: {fileID: 11500000, guid: 76c392e42b5098c458856cdf6ecaaaa1, type: 3}
  m_Name: 
  m_EditorClassIdentifier: 
  m_FirstSelected: {fileID: 0}
  m_sendNavigationEvents: 1
  m_DragThreshold: 10
--- !u!4 &394758669
Transform:
  m_ObjectHideFlags: 0
  m_CorrespondingSourceObject: {fileID: 0}
  m_PrefabInstance: {fileID: 0}
  m_PrefabAsset: {fileID: 0}
  m_GameObject: {fileID: 394758666}
  m_LocalRotation: {x: 0, y: 0, z: 0, w: 1}
  m_LocalPosition: {x: 0, y: 0, z: 0}
  m_LocalScale: {x: 1, y: 1, z: 1}
  m_Children: []
  m_Father: {fileID: 0}
  m_RootOrder: 6
  m_LocalEulerAnglesHint: {x: 0, y: 0, z: 0}
--- !u!1001 &571543251
PrefabInstance:
  m_ObjectHideFlags: 0
  serializedVersion: 2
  m_Modification:
    m_TransformParent: {fileID: 385059514}
    m_Modifications:
    - target: {fileID: 2784234379330657073, guid: b34cba531af2d694f98e66bdf7b5bcec,
        type: 3}
      propertyPath: m_Name
      value: pf_TrainStation
      objectReference: {fileID: 0}
    - target: {fileID: 2784234379330657073, guid: b34cba531af2d694f98e66bdf7b5bcec,
        type: 3}
      propertyPath: m_IsActive
      value: 1
      objectReference: {fileID: 0}
    - target: {fileID: 2784234379330657086, guid: b34cba531af2d694f98e66bdf7b5bcec,
        type: 3}
      propertyPath: m_RootOrder
      value: 2
      objectReference: {fileID: 0}
    - target: {fileID: 2784234379330657086, guid: b34cba531af2d694f98e66bdf7b5bcec,
        type: 3}
      propertyPath: m_LocalPosition.x
      value: -400
      objectReference: {fileID: 0}
    - target: {fileID: 2784234379330657086, guid: b34cba531af2d694f98e66bdf7b5bcec,
        type: 3}
      propertyPath: m_LocalPosition.y
      value: 0
      objectReference: {fileID: 0}
    - target: {fileID: 2784234379330657086, guid: b34cba531af2d694f98e66bdf7b5bcec,
        type: 3}
      propertyPath: m_LocalPosition.z
      value: 64.91016
      objectReference: {fileID: 0}
    - target: {fileID: 2784234379330657086, guid: b34cba531af2d694f98e66bdf7b5bcec,
        type: 3}
      propertyPath: m_LocalRotation.w
      value: 0.7071068
      objectReference: {fileID: 0}
    - target: {fileID: 2784234379330657086, guid: b34cba531af2d694f98e66bdf7b5bcec,
        type: 3}
      propertyPath: m_LocalRotation.x
      value: 0
      objectReference: {fileID: 0}
    - target: {fileID: 2784234379330657086, guid: b34cba531af2d694f98e66bdf7b5bcec,
        type: 3}
      propertyPath: m_LocalRotation.y
      value: 0.7071068
      objectReference: {fileID: 0}
    - target: {fileID: 2784234379330657086, guid: b34cba531af2d694f98e66bdf7b5bcec,
        type: 3}
      propertyPath: m_LocalRotation.z
      value: 0
      objectReference: {fileID: 0}
    - target: {fileID: 2784234379330657086, guid: b34cba531af2d694f98e66bdf7b5bcec,
        type: 3}
      propertyPath: m_LocalEulerAnglesHint.x
      value: 0
      objectReference: {fileID: 0}
    - target: {fileID: 2784234379330657086, guid: b34cba531af2d694f98e66bdf7b5bcec,
        type: 3}
      propertyPath: m_LocalEulerAnglesHint.y
      value: 0
      objectReference: {fileID: 0}
    - target: {fileID: 2784234379330657086, guid: b34cba531af2d694f98e66bdf7b5bcec,
        type: 3}
      propertyPath: m_LocalEulerAnglesHint.z
      value: 0
      objectReference: {fileID: 0}
    m_RemovedComponents: []
  m_SourcePrefab: {fileID: 100100000, guid: b34cba531af2d694f98e66bdf7b5bcec, type: 3}
--- !u!114 &571543252 stripped
MonoBehaviour:
  m_CorrespondingSourceObject: {fileID: 8801422472639071260, guid: b34cba531af2d694f98e66bdf7b5bcec,
    type: 3}
  m_PrefabInstance: {fileID: 571543251}
  m_PrefabAsset: {fileID: 0}
  m_GameObject: {fileID: 0}
  m_Enabled: 1
  m_EditorHideFlags: 0
  m_Script: {fileID: 11500000, guid: cc1788089f74b1c4f95a8e3ec7b1a74f, type: 3}
  m_Name: 
  m_EditorClassIdentifier: 
--- !u!4 &571543253 stripped
Transform:
  m_CorrespondingSourceObject: {fileID: 2784234379330657086, guid: b34cba531af2d694f98e66bdf7b5bcec,
    type: 3}
  m_PrefabInstance: {fileID: 571543251}
  m_PrefabAsset: {fileID: 0}
--- !u!1 &705507993
GameObject:
  m_ObjectHideFlags: 0
  m_CorrespondingSourceObject: {fileID: 0}
  m_PrefabInstance: {fileID: 0}
  m_PrefabAsset: {fileID: 0}
  serializedVersion: 6
  m_Component:
  - component: {fileID: 705507995}
  - component: {fileID: 705507994}
  m_Layer: 0
  m_Name: Directional Light
  m_TagString: Untagged
  m_Icon: {fileID: 0}
  m_NavMeshLayer: 0
  m_StaticEditorFlags: 0
  m_IsActive: 1
--- !u!108 &705507994
Light:
  m_ObjectHideFlags: 0
  m_CorrespondingSourceObject: {fileID: 0}
  m_PrefabInstance: {fileID: 0}
  m_PrefabAsset: {fileID: 0}
  m_GameObject: {fileID: 705507993}
  m_Enabled: 1
  serializedVersion: 10
  m_Type: 1
  m_Shape: 0
  m_Color: {r: 1, g: 0.95686275, b: 0.8392157, a: 1}
  m_Intensity: 1
  m_Range: 10
  m_SpotAngle: 30
  m_InnerSpotAngle: 21.80208
  m_CookieSize: 10
  m_Shadows:
    m_Type: 2
    m_Resolution: -1
    m_CustomResolution: -1
    m_Strength: 1
    m_Bias: 0.05
    m_NormalBias: 0.4
    m_NearPlane: 0.2
    m_CullingMatrixOverride:
      e00: 1
      e01: 0
      e02: 0
      e03: 0
      e10: 0
      e11: 1
      e12: 0
      e13: 0
      e20: 0
      e21: 0
      e22: 1
      e23: 0
      e30: 0
      e31: 0
      e32: 0
      e33: 1
    m_UseCullingMatrixOverride: 0
  m_Cookie: {fileID: 0}
  m_DrawHalo: 0
  m_Flare: {fileID: 0}
  m_RenderMode: 0
  m_CullingMask:
    serializedVersion: 2
    m_Bits: 4294967295
  m_RenderingLayerMask: 1
  m_Lightmapping: 1
  m_LightShadowCasterMode: 0
  m_AreaSize: {x: 1, y: 1}
  m_BounceIntensity: 1
  m_ColorTemperature: 6570
  m_UseColorTemperature: 0
  m_BoundingSphereOverride: {x: 0, y: 0, z: 0, w: 0}
  m_UseBoundingSphereOverride: 0
  m_ShadowRadius: 0
  m_ShadowAngle: 0
--- !u!4 &705507995
Transform:
  m_ObjectHideFlags: 0
  m_CorrespondingSourceObject: {fileID: 0}
  m_PrefabInstance: {fileID: 0}
  m_PrefabAsset: {fileID: 0}
  m_GameObject: {fileID: 705507993}
  m_LocalRotation: {x: 0.40821788, y: -0.23456968, z: 0.10938163, w: 0.8754261}
  m_LocalPosition: {x: 0, y: 3, z: 0}
  m_LocalScale: {x: 1, y: 1, z: 1}
  m_Children: []
  m_Father: {fileID: 0}
  m_RootOrder: 0
  m_LocalEulerAnglesHint: {x: 50, y: -30, z: 0}
--- !u!1 &1413223661
GameObject:
  m_ObjectHideFlags: 0
  m_CorrespondingSourceObject: {fileID: 0}
  m_PrefabInstance: {fileID: 0}
  m_PrefabAsset: {fileID: 0}
  serializedVersion: 6
  m_Component:
  - component: {fileID: 1413223662}
  - component: {fileID: 1413223664}
  - component: {fileID: 1413223663}
  m_Layer: 5
  m_Name: CrosshairImage
  m_TagString: Untagged
  m_Icon: {fileID: 0}
  m_NavMeshLayer: 0
  m_StaticEditorFlags: 0
  m_IsActive: 1
--- !u!224 &1413223662
RectTransform:
  m_ObjectHideFlags: 0
  m_CorrespondingSourceObject: {fileID: 0}
  m_PrefabInstance: {fileID: 0}
  m_PrefabAsset: {fileID: 0}
  m_GameObject: {fileID: 1413223661}
  m_LocalRotation: {x: 0, y: 0, z: 0, w: 1}
  m_LocalPosition: {x: 0, y: 0, z: 0}
  m_LocalScale: {x: 1, y: 1, z: 1}
  m_Children: []
  m_Father: {fileID: 355788943}
  m_RootOrder: 0
  m_LocalEulerAnglesHint: {x: 0, y: 0, z: 0}
  m_AnchorMin: {x: 0.5, y: 0.5}
  m_AnchorMax: {x: 0.5, y: 0.5}
  m_AnchoredPosition: {x: 0, y: 0}
  m_SizeDelta: {x: 10, y: 10}
  m_Pivot: {x: 0.5, y: 0.5}
--- !u!114 &1413223663
MonoBehaviour:
  m_ObjectHideFlags: 0
  m_CorrespondingSourceObject: {fileID: 0}
  m_PrefabInstance: {fileID: 0}
  m_PrefabAsset: {fileID: 0}
  m_GameObject: {fileID: 1413223661}
  m_Enabled: 1
  m_EditorHideFlags: 0
  m_Script: {fileID: 11500000, guid: fe87c0e1cc204ed48ad3b37840f39efc, type: 3}
  m_Name: 
  m_EditorClassIdentifier: 
  m_Material: {fileID: 0}
  m_Color: {r: 1, g: 1, b: 1, a: 1}
  m_RaycastTarget: 0
  m_Maskable: 0
  m_OnCullStateChanged:
    m_PersistentCalls:
      m_Calls: []
  m_Sprite: {fileID: 21300000, guid: b3dddd0af88aed44ea81957e966bccb4, type: 3}
  m_Type: 0
  m_PreserveAspect: 0
  m_FillCenter: 1
  m_FillMethod: 4
  m_FillAmount: 1
  m_FillClockwise: 1
  m_FillOrigin: 0
  m_UseSpriteMesh: 0
  m_PixelsPerUnitMultiplier: 1
--- !u!222 &1413223664
CanvasRenderer:
  m_ObjectHideFlags: 0
  m_CorrespondingSourceObject: {fileID: 0}
  m_PrefabInstance: {fileID: 0}
  m_PrefabAsset: {fileID: 0}
  m_GameObject: {fileID: 1413223661}
  m_CullTransparentMesh: 0
--- !u!1001 &2066334300
PrefabInstance:
  m_ObjectHideFlags: 0
  serializedVersion: 2
  m_Modification:
    m_TransformParent: {fileID: 385059514}
    m_Modifications:
    - target: {fileID: 2784234379330657073, guid: b34cba531af2d694f98e66bdf7b5bcec,
        type: 3}
      propertyPath: m_Name
      value: pf_TrainStation
      objectReference: {fileID: 0}
    - target: {fileID: 2784234379330657073, guid: b34cba531af2d694f98e66bdf7b5bcec,
        type: 3}
      propertyPath: m_IsActive
      value: 1
      objectReference: {fileID: 0}
    - target: {fileID: 2784234379330657086, guid: b34cba531af2d694f98e66bdf7b5bcec,
        type: 3}
      propertyPath: m_RootOrder
      value: 0
      objectReference: {fileID: 0}
    - target: {fileID: 2784234379330657086, guid: b34cba531af2d694f98e66bdf7b5bcec,
        type: 3}
      propertyPath: m_LocalPosition.x
      value: 400
      objectReference: {fileID: 0}
    - target: {fileID: 2784234379330657086, guid: b34cba531af2d694f98e66bdf7b5bcec,
        type: 3}
      propertyPath: m_LocalPosition.y
      value: 0
      objectReference: {fileID: 0}
    - target: {fileID: 2784234379330657086, guid: b34cba531af2d694f98e66bdf7b5bcec,
        type: 3}
      propertyPath: m_LocalPosition.z
      value: -64.83074
      objectReference: {fileID: 0}
    - target: {fileID: 2784234379330657086, guid: b34cba531af2d694f98e66bdf7b5bcec,
        type: 3}
      propertyPath: m_LocalRotation.w
      value: -0.7071068
      objectReference: {fileID: 0}
    - target: {fileID: 2784234379330657086, guid: b34cba531af2d694f98e66bdf7b5bcec,
        type: 3}
      propertyPath: m_LocalRotation.x
      value: 0
      objectReference: {fileID: 0}
    - target: {fileID: 2784234379330657086, guid: b34cba531af2d694f98e66bdf7b5bcec,
        type: 3}
      propertyPath: m_LocalRotation.y
      value: 0.7071068
      objectReference: {fileID: 0}
    - target: {fileID: 2784234379330657086, guid: b34cba531af2d694f98e66bdf7b5bcec,
        type: 3}
      propertyPath: m_LocalRotation.z
      value: 0
      objectReference: {fileID: 0}
    - target: {fileID: 2784234379330657086, guid: b34cba531af2d694f98e66bdf7b5bcec,
        type: 3}
      propertyPath: m_LocalEulerAnglesHint.x
      value: 0
      objectReference: {fileID: 0}
    - target: {fileID: 2784234379330657086, guid: b34cba531af2d694f98e66bdf7b5bcec,
        type: 3}
      propertyPath: m_LocalEulerAnglesHint.y
      value: 0
      objectReference: {fileID: 0}
    - target: {fileID: 2784234379330657086, guid: b34cba531af2d694f98e66bdf7b5bcec,
        type: 3}
      propertyPath: m_LocalEulerAnglesHint.z
      value: 0
      objectReference: {fileID: 0}
    m_RemovedComponents: []
  m_SourcePrefab: {fileID: 100100000, guid: b34cba531af2d694f98e66bdf7b5bcec, type: 3}
--- !u!114 &2066334301 stripped
MonoBehaviour:
  m_CorrespondingSourceObject: {fileID: 8801422472639071260, guid: b34cba531af2d694f98e66bdf7b5bcec,
    type: 3}
  m_PrefabInstance: {fileID: 2066334300}
  m_PrefabAsset: {fileID: 0}
  m_GameObject: {fileID: 0}
  m_Enabled: 1
  m_EditorHideFlags: 0
  m_Script: {fileID: 11500000, guid: cc1788089f74b1c4f95a8e3ec7b1a74f, type: 3}
  m_Name: 
  m_EditorClassIdentifier: 
--- !u!4 &2066334302 stripped
Transform:
  m_CorrespondingSourceObject: {fileID: 2784234379330657086, guid: b34cba531af2d694f98e66bdf7b5bcec,
    type: 3}
  m_PrefabInstance: {fileID: 2066334300}
  m_PrefabAsset: {fileID: 0}
--- !u!114 &2073668917 stripped
MonoBehaviour:
  m_CorrespondingSourceObject: {fileID: 7359745691907309486, guid: fbcf4f6fcaadab44193c06333c73dc1a,
    type: 3}
  m_PrefabInstance: {fileID: 7359745693340209819}
  m_PrefabAsset: {fileID: 0}
  m_GameObject: {fileID: 0}
  m_Enabled: 1
  m_EditorHideFlags: 0
  m_Script: {fileID: 11500000, guid: 3226d676d46e1e04ab915ad3be2e5230, type: 3}
  m_Name: 
  m_EditorClassIdentifier: 
--- !u!1001 &2114993947
PrefabInstance:
  m_ObjectHideFlags: 0
  serializedVersion: 2
  m_Modification:
    m_TransformParent: {fileID: 385059514}
    m_Modifications:
    - target: {fileID: 842629821311916095, guid: d7ebaccdba5394f459c4295ef197e6bc,
        type: 3}
      propertyPath: m_LocalPosition.x
      value: 651.7814
      objectReference: {fileID: 0}
    - target: {fileID: 842629821311916095, guid: d7ebaccdba5394f459c4295ef197e6bc,
        type: 3}
      propertyPath: m_LocalPosition.z
      value: 259.516
      objectReference: {fileID: 0}
    - target: {fileID: 842629821311916095, guid: d7ebaccdba5394f459c4295ef197e6bc,
        type: 3}
      propertyPath: m_LocalRotation.w
      value: -0.40929976
      objectReference: {fileID: 0}
    - target: {fileID: 842629821311916095, guid: d7ebaccdba5394f459c4295ef197e6bc,
        type: 3}
      propertyPath: m_LocalRotation.y
      value: -0.9124
      objectReference: {fileID: 0}
    - target: {fileID: 1458459057011232978, guid: d7ebaccdba5394f459c4295ef197e6bc,
        type: 3}
      propertyPath: m_LocalPosition.x
      value: 536.431
      objectReference: {fileID: 0}
    - target: {fileID: 1458459057011232978, guid: d7ebaccdba5394f459c4295ef197e6bc,
        type: 3}
      propertyPath: m_LocalPosition.z
      value: 341.22565
      objectReference: {fileID: 0}
    - target: {fileID: 1458459057011232978, guid: d7ebaccdba5394f459c4295ef197e6bc,
        type: 3}
      propertyPath: m_LocalRotation.w
      value: 0.56416285
      objectReference: {fileID: 0}
    - target: {fileID: 1458459057011232978, guid: d7ebaccdba5394f459c4295ef197e6bc,
        type: 3}
      propertyPath: m_LocalRotation.y
      value: 0.82566357
      objectReference: {fileID: 0}
    - target: {fileID: 2160959068580425928, guid: d7ebaccdba5394f459c4295ef197e6bc,
        type: 3}
      propertyPath: m_LocalPosition.x
      value: 568.8824
      objectReference: {fileID: 0}
    - target: {fileID: 2160959068580425928, guid: d7ebaccdba5394f459c4295ef197e6bc,
        type: 3}
      propertyPath: m_LocalPosition.z
      value: 324.77344
      objectReference: {fileID: 0}
    - target: {fileID: 2160959068580425928, guid: d7ebaccdba5394f459c4295ef197e6bc,
        type: 3}
      propertyPath: m_LocalRotation.w
      value: 0.48766807
      objectReference: {fileID: 0}
    - target: {fileID: 2160959068580425928, guid: d7ebaccdba5394f459c4295ef197e6bc,
        type: 3}
      propertyPath: m_LocalRotation.y
      value: 0.8730291
      objectReference: {fileID: 0}
    - target: {fileID: 2453115085900201892, guid: d7ebaccdba5394f459c4295ef197e6bc,
        type: 3}
      propertyPath: m_Name
      value: pf_Train
      objectReference: {fileID: 0}
    - target: {fileID: 5007228555164844668, guid: d7ebaccdba5394f459c4295ef197e6bc,
        type: 3}
      propertyPath: m_LocalPosition.x
      value: 609.2626
      objectReference: {fileID: 0}
    - target: {fileID: 5007228555164844668, guid: d7ebaccdba5394f459c4295ef197e6bc,
        type: 3}
      propertyPath: m_LocalPosition.z
      value: 295.76666
      objectReference: {fileID: 0}
    - target: {fileID: 5007228555164844668, guid: d7ebaccdba5394f459c4295ef197e6bc,
        type: 3}
      propertyPath: m_LocalRotation.w
      value: -0.43289262
      objectReference: {fileID: 0}
    - target: {fileID: 5007228555164844668, guid: d7ebaccdba5394f459c4295ef197e6bc,
        type: 3}
      propertyPath: m_LocalRotation.y
      value: -0.9014455
      objectReference: {fileID: 0}
    - target: {fileID: 7907573026772372079, guid: d7ebaccdba5394f459c4295ef197e6bc,
        type: 3}
      propertyPath: m_RootOrder
      value: 3
      objectReference: {fileID: 0}
    - target: {fileID: 7907573026772372079, guid: d7ebaccdba5394f459c4295ef197e6bc,
        type: 3}
      propertyPath: m_LocalPosition.x
      value: 243.14308
      objectReference: {fileID: 0}
    - target: {fileID: 7907573026772372079, guid: d7ebaccdba5394f459c4295ef197e6bc,
        type: 3}
      propertyPath: m_LocalPosition.y
      value: 0
      objectReference: {fileID: 0}
    - target: {fileID: 7907573026772372079, guid: d7ebaccdba5394f459c4295ef197e6bc,
        type: 3}
      propertyPath: m_LocalPosition.z
      value: 340.09567
      objectReference: {fileID: 0}
    - target: {fileID: 7907573026772372079, guid: d7ebaccdba5394f459c4295ef197e6bc,
        type: 3}
      propertyPath: m_LocalRotation.w
      value: 0.5345555
      objectReference: {fileID: 0}
    - target: {fileID: 7907573026772372079, guid: d7ebaccdba5394f459c4295ef197e6bc,
        type: 3}
      propertyPath: m_LocalRotation.x
      value: -0
      objectReference: {fileID: 0}
    - target: {fileID: 7907573026772372079, guid: d7ebaccdba5394f459c4295ef197e6bc,
        type: 3}
      propertyPath: m_LocalRotation.y
      value: 0.84513336
      objectReference: {fileID: 0}
    - target: {fileID: 7907573026772372079, guid: d7ebaccdba5394f459c4295ef197e6bc,
        type: 3}
      propertyPath: m_LocalRotation.z
      value: -0
      objectReference: {fileID: 0}
    - target: {fileID: 7907573026772372079, guid: d7ebaccdba5394f459c4295ef197e6bc,
        type: 3}
      propertyPath: m_LocalEulerAnglesHint.x
      value: 0
      objectReference: {fileID: 0}
    - target: {fileID: 7907573026772372079, guid: d7ebaccdba5394f459c4295ef197e6bc,
        type: 3}
      propertyPath: m_LocalEulerAnglesHint.y
      value: 0
      objectReference: {fileID: 0}
    - target: {fileID: 7907573026772372079, guid: d7ebaccdba5394f459c4295ef197e6bc,
        type: 3}
      propertyPath: m_LocalEulerAnglesHint.z
      value: 0
      objectReference: {fileID: 0}
    m_RemovedComponents: []
  m_SourcePrefab: {fileID: 100100000, guid: d7ebaccdba5394f459c4295ef197e6bc, type: 3}
--- !u!114 &2114993948 stripped
MonoBehaviour:
  m_CorrespondingSourceObject: {fileID: 9184146605986899879, guid: d7ebaccdba5394f459c4295ef197e6bc,
    type: 3}
  m_PrefabInstance: {fileID: 2114993947}
  m_PrefabAsset: {fileID: 0}
  m_GameObject: {fileID: 0}
  m_Enabled: 1
  m_EditorHideFlags: 0
  m_Script: {fileID: 11500000, guid: 3abf751006cd39140a572ef8f71524bc, type: 3}
  m_Name: 
  m_EditorClassIdentifier: 
--- !u!4 &2114993949 stripped
Transform:
  m_CorrespondingSourceObject: {fileID: 7907573026772372079, guid: d7ebaccdba5394f459c4295ef197e6bc,
    type: 3}
  m_PrefabInstance: {fileID: 2114993947}
  m_PrefabAsset: {fileID: 0}
--- !u!1001 &1872523989602957620
PrefabInstance:
  m_ObjectHideFlags: 0
  serializedVersion: 2
  m_Modification:
    m_TransformParent: {fileID: 0}
    m_Modifications:
    - target: {fileID: 2726745757416991663, guid: 439d663128355944c8fa1df424265f40,
        type: 3}
      propertyPath: m_Name
      value: pf_Rails
      objectReference: {fileID: 0}
    - target: {fileID: 5416629026442745983, guid: 439d663128355944c8fa1df424265f40,
        type: 3}
      propertyPath: path
      value: 
      objectReference: {fileID: 2073668917}
    - target: {fileID: 7003139854110646515, guid: 439d663128355944c8fa1df424265f40,
        type: 3}
      propertyPath: m_RootOrder
      value: 9
      objectReference: {fileID: 0}
    - target: {fileID: 7003139854110646515, guid: 439d663128355944c8fa1df424265f40,
        type: 3}
      propertyPath: m_LocalPosition.x
      value: 0
      objectReference: {fileID: 0}
    - target: {fileID: 7003139854110646515, guid: 439d663128355944c8fa1df424265f40,
        type: 3}
      propertyPath: m_LocalPosition.y
      value: 0
      objectReference: {fileID: 0}
    - target: {fileID: 7003139854110646515, guid: 439d663128355944c8fa1df424265f40,
        type: 3}
      propertyPath: m_LocalPosition.z
      value: 0
      objectReference: {fileID: 0}
    - target: {fileID: 7003139854110646515, guid: 439d663128355944c8fa1df424265f40,
        type: 3}
      propertyPath: m_LocalRotation.w
      value: 1
      objectReference: {fileID: 0}
    - target: {fileID: 7003139854110646515, guid: 439d663128355944c8fa1df424265f40,
        type: 3}
      propertyPath: m_LocalRotation.x
      value: 0
      objectReference: {fileID: 0}
    - target: {fileID: 7003139854110646515, guid: 439d663128355944c8fa1df424265f40,
        type: 3}
      propertyPath: m_LocalRotation.y
      value: 0
      objectReference: {fileID: 0}
    - target: {fileID: 7003139854110646515, guid: 439d663128355944c8fa1df424265f40,
        type: 3}
      propertyPath: m_LocalRotation.z
      value: 0
      objectReference: {fileID: 0}
    - target: {fileID: 7003139854110646515, guid: 439d663128355944c8fa1df424265f40,
        type: 3}
      propertyPath: m_LocalEulerAnglesHint.x
      value: 0
      objectReference: {fileID: 0}
    - target: {fileID: 7003139854110646515, guid: 439d663128355944c8fa1df424265f40,
        type: 3}
      propertyPath: m_LocalEulerAnglesHint.y
      value: 0
      objectReference: {fileID: 0}
    - target: {fileID: 7003139854110646515, guid: 439d663128355944c8fa1df424265f40,
        type: 3}
      propertyPath: m_LocalEulerAnglesHint.z
      value: 0
      objectReference: {fileID: 0}
    m_RemovedComponents: []
  m_SourcePrefab: {fileID: 100100000, guid: 439d663128355944c8fa1df424265f40, type: 3}
--- !u!1001 &2661612547226043934
PrefabInstance:
  m_ObjectHideFlags: 0
  serializedVersion: 2
  m_Modification:
    m_TransformParent: {fileID: 0}
    m_Modifications:
    - target: {fileID: 3020687653634860123, guid: fb4bf9839f5c8d4448107b7e02cc515e,
        type: 3}
      propertyPath: m_RootOrder
      value: 2
      objectReference: {fileID: 0}
    - target: {fileID: 3020687653634860123, guid: fb4bf9839f5c8d4448107b7e02cc515e,
        type: 3}
      propertyPath: m_LocalPosition.x
      value: 0
      objectReference: {fileID: 0}
    - target: {fileID: 3020687653634860123, guid: fb4bf9839f5c8d4448107b7e02cc515e,
        type: 3}
      propertyPath: m_LocalPosition.y
      value: 1
      objectReference: {fileID: 0}
    - target: {fileID: 3020687653634860123, guid: fb4bf9839f5c8d4448107b7e02cc515e,
        type: 3}
      propertyPath: m_LocalPosition.z
      value: -410
      objectReference: {fileID: 0}
    - target: {fileID: 3020687653634860123, guid: fb4bf9839f5c8d4448107b7e02cc515e,
        type: 3}
      propertyPath: m_LocalRotation.w
      value: 1
      objectReference: {fileID: 0}
    - target: {fileID: 3020687653634860123, guid: fb4bf9839f5c8d4448107b7e02cc515e,
        type: 3}
      propertyPath: m_LocalRotation.x
      value: 0
      objectReference: {fileID: 0}
    - target: {fileID: 3020687653634860123, guid: fb4bf9839f5c8d4448107b7e02cc515e,
        type: 3}
      propertyPath: m_LocalRotation.y
      value: 0
      objectReference: {fileID: 0}
    - target: {fileID: 3020687653634860123, guid: fb4bf9839f5c8d4448107b7e02cc515e,
        type: 3}
      propertyPath: m_LocalRotation.z
      value: 0
      objectReference: {fileID: 0}
    - target: {fileID: 3020687653634860123, guid: fb4bf9839f5c8d4448107b7e02cc515e,
        type: 3}
      propertyPath: m_LocalEulerAnglesHint.x
      value: 0
      objectReference: {fileID: 0}
    - target: {fileID: 3020687653634860123, guid: fb4bf9839f5c8d4448107b7e02cc515e,
        type: 3}
      propertyPath: m_LocalEulerAnglesHint.y
      value: 0
      objectReference: {fileID: 0}
    - target: {fileID: 3020687653634860123, guid: fb4bf9839f5c8d4448107b7e02cc515e,
        type: 3}
      propertyPath: m_LocalEulerAnglesHint.z
      value: 0
      objectReference: {fileID: 0}
    - target: {fileID: 8887055793485680796, guid: fb4bf9839f5c8d4448107b7e02cc515e,
        type: 3}
      propertyPath: m_Name
      value: pf_Player
      objectReference: {fileID: 0}
    m_RemovedComponents: []
  m_SourcePrefab: {fileID: 100100000, guid: fb4bf9839f5c8d4448107b7e02cc515e, type: 3}
--- !u!1001 &5254334793674788717
PrefabInstance:
  m_ObjectHideFlags: 0
  serializedVersion: 2
  m_Modification:
    m_TransformParent: {fileID: 0}
    m_Modifications:
    - target: {fileID: 5254334793587205282, guid: 326415d5436f7dd41b71dbee7ed67fba,
        type: 3}
      propertyPath: m_Name
      value: pf_AudioSystem
      objectReference: {fileID: 0}
    - target: {fileID: 5254334793587205308, guid: 326415d5436f7dd41b71dbee7ed67fba,
        type: 3}
      propertyPath: m_RootOrder
      value: 7
      objectReference: {fileID: 0}
    - target: {fileID: 5254334793587205308, guid: 326415d5436f7dd41b71dbee7ed67fba,
        type: 3}
      propertyPath: m_LocalPosition.x
      value: 0
      objectReference: {fileID: 0}
    - target: {fileID: 5254334793587205308, guid: 326415d5436f7dd41b71dbee7ed67fba,
        type: 3}
      propertyPath: m_LocalPosition.y
      value: 0
      objectReference: {fileID: 0}
    - target: {fileID: 5254334793587205308, guid: 326415d5436f7dd41b71dbee7ed67fba,
        type: 3}
      propertyPath: m_LocalPosition.z
      value: 0
      objectReference: {fileID: 0}
    - target: {fileID: 5254334793587205308, guid: 326415d5436f7dd41b71dbee7ed67fba,
        type: 3}
      propertyPath: m_LocalRotation.w
      value: 1
      objectReference: {fileID: 0}
    - target: {fileID: 5254334793587205308, guid: 326415d5436f7dd41b71dbee7ed67fba,
        type: 3}
      propertyPath: m_LocalRotation.x
      value: 0
      objectReference: {fileID: 0}
    - target: {fileID: 5254334793587205308, guid: 326415d5436f7dd41b71dbee7ed67fba,
        type: 3}
      propertyPath: m_LocalRotation.y
      value: 0
      objectReference: {fileID: 0}
    - target: {fileID: 5254334793587205308, guid: 326415d5436f7dd41b71dbee7ed67fba,
        type: 3}
      propertyPath: m_LocalRotation.z
      value: 0
      objectReference: {fileID: 0}
    - target: {fileID: 5254334793587205308, guid: 326415d5436f7dd41b71dbee7ed67fba,
        type: 3}
      propertyPath: m_LocalEulerAnglesHint.x
      value: 0
      objectReference: {fileID: 0}
    - target: {fileID: 5254334793587205308, guid: 326415d5436f7dd41b71dbee7ed67fba,
        type: 3}
      propertyPath: m_LocalEulerAnglesHint.y
      value: 0
      objectReference: {fileID: 0}
    - target: {fileID: 5254334793587205308, guid: 326415d5436f7dd41b71dbee7ed67fba,
        type: 3}
      propertyPath: m_LocalEulerAnglesHint.z
      value: 0
      objectReference: {fileID: 0}
    m_RemovedComponents: []
  m_SourcePrefab: {fileID: 100100000, guid: 326415d5436f7dd41b71dbee7ed67fba, type: 3}
--- !u!1001 &5907777675608425614
PrefabInstance:
  m_ObjectHideFlags: 0
  serializedVersion: 2
  m_Modification:
    m_TransformParent: {fileID: 0}
    m_Modifications:
    - target: {fileID: 4270818936137004711, guid: cafb22e8937b0a84d90973da25aa7d21,
        type: 3}
      propertyPath: m_RootOrder
      value: 3
      objectReference: {fileID: 0}
    - target: {fileID: 4270818936137004711, guid: cafb22e8937b0a84d90973da25aa7d21,
        type: 3}
      propertyPath: m_LocalPosition.x
      value: 0
      objectReference: {fileID: 0}
    - target: {fileID: 4270818936137004711, guid: cafb22e8937b0a84d90973da25aa7d21,
        type: 3}
      propertyPath: m_LocalPosition.y
      value: 1.5
      objectReference: {fileID: 0}
    - target: {fileID: 4270818936137004711, guid: cafb22e8937b0a84d90973da25aa7d21,
        type: 3}
      propertyPath: m_LocalPosition.z
      value: 0
      objectReference: {fileID: 0}
    - target: {fileID: 4270818936137004711, guid: cafb22e8937b0a84d90973da25aa7d21,
        type: 3}
      propertyPath: m_LocalRotation.w
      value: 1
      objectReference: {fileID: 0}
    - target: {fileID: 4270818936137004711, guid: cafb22e8937b0a84d90973da25aa7d21,
        type: 3}
      propertyPath: m_LocalRotation.x
      value: 0
      objectReference: {fileID: 0}
    - target: {fileID: 4270818936137004711, guid: cafb22e8937b0a84d90973da25aa7d21,
        type: 3}
      propertyPath: m_LocalRotation.y
      value: 0
      objectReference: {fileID: 0}
    - target: {fileID: 4270818936137004711, guid: cafb22e8937b0a84d90973da25aa7d21,
        type: 3}
      propertyPath: m_LocalRotation.z
      value: 0
      objectReference: {fileID: 0}
    - target: {fileID: 4270818936137004711, guid: cafb22e8937b0a84d90973da25aa7d21,
        type: 3}
      propertyPath: m_LocalEulerAnglesHint.x
      value: 0
      objectReference: {fileID: 0}
    - target: {fileID: 4270818936137004711, guid: cafb22e8937b0a84d90973da25aa7d21,
        type: 3}
      propertyPath: m_LocalEulerAnglesHint.y
      value: 0
      objectReference: {fileID: 0}
    - target: {fileID: 4270818936137004711, guid: cafb22e8937b0a84d90973da25aa7d21,
        type: 3}
      propertyPath: m_LocalEulerAnglesHint.z
      value: 0
      objectReference: {fileID: 0}
    - target: {fileID: 6875386007041779912, guid: cafb22e8937b0a84d90973da25aa7d21,
        type: 3}
      propertyPath: m_Name
      value: pf_Camera
      objectReference: {fileID: 0}
    m_RemovedComponents: []
  m_SourcePrefab: {fileID: 100100000, guid: cafb22e8937b0a84d90973da25aa7d21, type: 3}
--- !u!1001 &7130267334107945793
PrefabInstance:
  m_ObjectHideFlags: 0
  serializedVersion: 2
  m_Modification:
    m_TransformParent: {fileID: 0}
    m_Modifications:
    - target: {fileID: 1543741445864133304, guid: 5eea5b1677e50934b8f6476168afa922,
        type: 3}
      propertyPath: m_RootOrder
      value: 1
      objectReference: {fileID: 0}
    - target: {fileID: 1543741445864133304, guid: 5eea5b1677e50934b8f6476168afa922,
        type: 3}
      propertyPath: m_LocalPosition.x
      value: 0
      objectReference: {fileID: 0}
    - target: {fileID: 1543741445864133304, guid: 5eea5b1677e50934b8f6476168afa922,
        type: 3}
      propertyPath: m_LocalPosition.y
      value: -1
      objectReference: {fileID: 0}
    - target: {fileID: 1543741445864133304, guid: 5eea5b1677e50934b8f6476168afa922,
        type: 3}
      propertyPath: m_LocalPosition.z
      value: 0
      objectReference: {fileID: 0}
    - target: {fileID: 1543741445864133304, guid: 5eea5b1677e50934b8f6476168afa922,
        type: 3}
      propertyPath: m_LocalRotation.w
      value: 1
      objectReference: {fileID: 0}
    - target: {fileID: 1543741445864133304, guid: 5eea5b1677e50934b8f6476168afa922,
        type: 3}
      propertyPath: m_LocalRotation.x
      value: 0
      objectReference: {fileID: 0}
    - target: {fileID: 1543741445864133304, guid: 5eea5b1677e50934b8f6476168afa922,
        type: 3}
      propertyPath: m_LocalRotation.y
      value: 0
      objectReference: {fileID: 0}
    - target: {fileID: 1543741445864133304, guid: 5eea5b1677e50934b8f6476168afa922,
        type: 3}
      propertyPath: m_LocalRotation.z
      value: 0
      objectReference: {fileID: 0}
    - target: {fileID: 1543741445864133304, guid: 5eea5b1677e50934b8f6476168afa922,
        type: 3}
      propertyPath: m_LocalEulerAnglesHint.x
      value: 0
      objectReference: {fileID: 0}
    - target: {fileID: 1543741445864133304, guid: 5eea5b1677e50934b8f6476168afa922,
        type: 3}
      propertyPath: m_LocalEulerAnglesHint.y
      value: 0
      objectReference: {fileID: 0}
    - target: {fileID: 1543741445864133304, guid: 5eea5b1677e50934b8f6476168afa922,
        type: 3}
      propertyPath: m_LocalEulerAnglesHint.z
      value: 0
      objectReference: {fileID: 0}
    - target: {fileID: 6955725535072113740, guid: 5eea5b1677e50934b8f6476168afa922,
        type: 3}
      propertyPath: m_Name
      value: pf_Ground
      objectReference: {fileID: 0}
    m_RemovedComponents: []
  m_SourcePrefab: {fileID: 100100000, guid: 5eea5b1677e50934b8f6476168afa922, type: 3}
--- !u!1001 &7359745693340209819
PrefabInstance:
  m_ObjectHideFlags: 0
  serializedVersion: 2
  m_Modification:
    m_TransformParent: {fileID: 0}
    m_Modifications:
    - target: {fileID: 7359745691907309485, guid: fbcf4f6fcaadab44193c06333c73dc1a,
        type: 3}
      propertyPath: m_RootOrder
      value: 8
      objectReference: {fileID: 0}
    - target: {fileID: 7359745691907309485, guid: fbcf4f6fcaadab44193c06333c73dc1a,
        type: 3}
      propertyPath: m_LocalPosition.x
      value: 0
      objectReference: {fileID: 0}
    - target: {fileID: 7359745691907309485, guid: fbcf4f6fcaadab44193c06333c73dc1a,
        type: 3}
      propertyPath: m_LocalPosition.y
      value: 0
      objectReference: {fileID: 0}
    - target: {fileID: 7359745691907309485, guid: fbcf4f6fcaadab44193c06333c73dc1a,
        type: 3}
      propertyPath: m_LocalPosition.z
      value: 0
      objectReference: {fileID: 0}
    - target: {fileID: 7359745691907309485, guid: fbcf4f6fcaadab44193c06333c73dc1a,
        type: 3}
      propertyPath: m_LocalRotation.w
      value: 1
      objectReference: {fileID: 0}
    - target: {fileID: 7359745691907309485, guid: fbcf4f6fcaadab44193c06333c73dc1a,
        type: 3}
      propertyPath: m_LocalRotation.x
      value: 0
      objectReference: {fileID: 0}
    - target: {fileID: 7359745691907309485, guid: fbcf4f6fcaadab44193c06333c73dc1a,
        type: 3}
      propertyPath: m_LocalRotation.y
      value: 0
      objectReference: {fileID: 0}
    - target: {fileID: 7359745691907309485, guid: fbcf4f6fcaadab44193c06333c73dc1a,
        type: 3}
      propertyPath: m_LocalRotation.z
      value: 0
      objectReference: {fileID: 0}
    - target: {fileID: 7359745691907309485, guid: fbcf4f6fcaadab44193c06333c73dc1a,
        type: 3}
      propertyPath: m_LocalEulerAnglesHint.x
      value: 0
      objectReference: {fileID: 0}
    - target: {fileID: 7359745691907309485, guid: fbcf4f6fcaadab44193c06333c73dc1a,
        type: 3}
      propertyPath: m_LocalEulerAnglesHint.y
      value: 0
      objectReference: {fileID: 0}
    - target: {fileID: 7359745691907309485, guid: fbcf4f6fcaadab44193c06333c73dc1a,
        type: 3}
      propertyPath: m_LocalEulerAnglesHint.z
      value: 0
      objectReference: {fileID: 0}
    - target: {fileID: 7359745691907309486, guid: fbcf4f6fcaadab44193c06333c73dc1a,
        type: 3}
      propertyPath: BezierPoints.Array.data[1].EndPoint.x
      value: 400
      objectReference: {fileID: 0}
    - target: {fileID: 7359745691907309486, guid: fbcf4f6fcaadab44193c06333c73dc1a,
        type: 3}
      propertyPath: BezierPoints.Array.data[2].StartPoint.x
      value: 400
      objectReference: {fileID: 0}
    - target: {fileID: 7359745691907309487, guid: fbcf4f6fcaadab44193c06333c73dc1a,
        type: 3}
      propertyPath: m_Name
      value: pf_BezierCurve
      objectReference: {fileID: 0}
    m_RemovedComponents: []
  m_SourcePrefab: {fileID: 100100000, guid: fbcf4f6fcaadab44193c06333c73dc1a, type: 3}
